@InProceedings{birch-osborne-koehn:2008:EMNLP,
  author    = {Birch, Alexandra  and  Osborne, Miles  and  Koehn, Philipp},
  title     = {Predicting Success in Machine Translation},
  booktitle = {Proceedings of the 2008 Conference on Empirical Methods in Natural Language Processing},
  month     = {October},
  year      = {2008},
  address   = {Honolulu, Hawaii},
  publisher = {Association for Computational Linguistics},
  pages     = {745--754},
  url       = {http://www.aclweb.org/anthology/D08-1078}
}

@InProceedings{sys462,
  author    = {Koehn, Philipp and Birch, Alexandra  and  Steinberger, Ralf },
  title     = {462 Machine Translation Systems for Europe},
  year = {2009}.
  booktitle = {Proceedings of the MT Summit XII},  
}

@InProceedings{mishra-bhattacharyya-carl:2013:Short,
  author    = {Mishra, Abhijit  and  Bhattacharyya, Pushpak  and  Carl, Michael},
  title     = {Automatically Predicting Sentence Translation Difficulty},
  booktitle = {Proceedings of the 51st Annual Meeting of the Association for Computational Linguistics (Volume 2: Short Papers)},
  month     = {August},
  year      = {2013},
  address   = {Sofia, Bulgaria},
  publisher = {Association for Computational Linguistics},
  pages     = {346--351},
  url       = {http://www.aclweb.org/anthology/P13-2062}
}

@article{Albrecht:2008:RMT:1484962.1484979,
 author = {Albrecht, Joshua S. and Hwa, Rebecca},
 title = {Regression for Machine Translation Evaluation at the Sentence Level},
 journal = {Machine Translation},
 issue_date = {March     2008},
 volume = {22},
 number = {1-2},
 month = mar,
 year = {2008},
 issn = {0922-6567},
 pages = {1--27},
 numpages = {27},
 url = {http://dx.doi.org/10.1007/s10590-008-9046-1},
 doi = {10.1007/s10590-008-9046-1},
 acmid = {1484979},
 publisher = {Kluwer Academic Publishers},
 address = {Hingham, MA, USA},
 keywords = {Evaluation metrics, Machine learning, Machine translation},
}

@InProceedings{zhao-ng:2007:EMNLP-CoNLL2007,
  author    = {Zhao, Shanheng  and  Ng, Hwee Tou},
  title     = {Identification and Resolution of {C}hinese Zero Pronouns: A Machine Learning Approach},
  booktitle = {Proceedings of the 2007 Joint Conference on Empirical Methods in Natural Language Processing and Computational Natural Language Learning (EMNLP-CoNLL)},
  pages     = {541--550},
  year      = {2007},
  url       = {http://www.aclweb.org/anthology/D/D07/D07-1057}
}

@article{mihuailua2011zero,
  title={Zero Pronominal Anaphora Resolution for the Romanian Language},
  author={Mih{\u{a}}il{\u{a}}, Claudiu and Ilisei, Iustina and Inkpen, Diana},
  journal={Research Journal on Computer Science and Computer Engineering with Applications” POLIBITS},
  volume={42},
  year={2011}
}

@InProceedings{minkov-toutanova-suzuki:2007:ACLMain,
  author    = {Minkov, Einat  and  Toutanova, Kristina  and  Suzuki, Hisami},
  title     = {Generating Complex Morphology for Machine Translation},
  booktitle = {Proceedings of the 45th Annual Meeting of the Association of Computational Linguistics},
  month     = {June},
  year      = {2007},
  address   = {Prague, Czech Republic},
  publisher = {Association for Computational Linguistics},
  pages     = {128--135},
  url       = {http://www.aclweb.org/anthology/P07-1017}
}

@INPROCEEDINGS{Wang07chinesesyntactic,
    author = {Chao Wang},
    title = {Chinese Syntactic Reordering for Statistical Machine Translation},
    booktitle = {In Proceedings of EMNLP},
    year = {2007},
    pages = {737--745}
}

@incollection{maja-compound,
    year={2006},
    isbn={978-3-540-37334-6},
    booktitle={Advances in Natural Language Processing},
    volume={4139},
    series={Lecture Notes in Computer Science},
    editor={Salakoski, Tapio and Ginter, Filip and Pyysalo, Sampo and Pahikkala, Tapio},
    doi={10.1007/11816508_61},
    title={Statistical Machine Translation of German Compound Words},
    url={http://dx.doi.org/10.1007/11816508_61},
    publisher={Springer Berlin Heidelberg},
    author={Popović, Maja and Stein, Daniel and Ney, Hermann},
    pages={616-624}
}

@article{sanjun-dissertation,
  author    = {Sun, Sanjun},
  title     = {Measuring difficulty in English-Chinese translation: Towards a general model of translation difficulty},
  booktitle = {Electronic Thesis or Dissertation},
  year      = {2012},
  publisher = {Kent State University},
  url       = {https://etd.ohiolink.edu/}
}

@Book{WMT:2006,
  editor    = {Philipp Koehn  and  Christof Monz},
  title     = {Proceedings on the Workshop on Statistical Machine Translation},
  month     = {June},
  year      = {2006},
  address   = {New York City},
  publisher = {Association for Computational Linguistics},
  url       = {http://www.aclweb.org/anthology/W/W06/W06-15}
}

@Book{WMT:2007,
  editor    = {Chris Callison-Burch  and  Philipp Koehn  and  Cameron Shaw Fordyce  and  Christof Monz},
  title     = {Proceedings of the Second Workshop on Statistical Machine Translation},
  month     = {June},
  year      = {2007},
  address   = {Prague, Czech Republic},
  publisher = {Association for Computational Linguistics},
  url       = {http://www.aclweb.org/anthology/W/W07/W07-02}
}

@InProceedings{nenkova-louis:2008:ACLMain,
  author    = {Nenkova, Ani  and  Louis, Annie},
  title     = {Can You Summarize This? Identifying Correlates of Input Difficulty for Multi-Document Summarization},
  booktitle = {Proceedings of ACL-08: HLT},
  month     = {June},
  year      = {2008},
  address   = {Columbus, Ohio},
  publisher = {Association for Computational Linguistics},
  pages     = {825--833},
  url       = {http://www.aclweb.org/anthology/P/P08/P08-1094}
}
